@techreport{randell68_nato_softw_engin_repor,
  author =	 {Brian Randell},
  institution =	 {NATO},
  title =	 {The 1968/69 NATO Software Engineering Reports},
  url =
                  {http://homepages.cs.ncl.ac.uk/brian.randell/NATO/NATOReports/index.html},
  year =	 1968,
}

@book{bennet80_softw_maint_manag,
  author =	 {Bennet P. Lientz, E. Burton Swanson},
  title =	 {Software Maintenance Management: A Study Of The Maintenance Of
                  Computer Application Software In 487 Data Processing
                  Organizations},
  year =	 1980,
  publisher =	 {Addison-Wesley},
}

@article{mccabe76_compl_measur,
  author =	 {T.J. McCabe},
  title =	 {A Complexity Measure},
  journal =	 {IEEE Transactions on Software Engineering},
  volume =	 {SE-2},
  number =	 4,
  pages =	 {308-320},
  year =	 1976,
  doi =		 {10.1109/tse.1976.233837},
  url =		 {https://doi.org/10.1109/tse.1976.233837},
  DATE_ADDED =	 {Mon May 18 14:20:42 2020},
}

@article{gurp02_desig_erosion,
  author =	 {Jilles van Gurp and Jan Bosch},
  title =	 {Design Erosion: Problems and Causes},
  journal =	 {Journal of Systems and Software},
  volume =	 61,
  number =	 2,
  pages =	 {105-119},
  year =	 2002,
  doi =		 {10.1016/s0164-1212(01)00152-2},
  url =		 {https://doi.org/10.1016/s0164-1212(01)00152-2},
  DATE_ADDED =	 {Mon May 18 14:43:23 2020},
}

@Book{anderson10_kanban,
  author =	 {Anderson, David},
  title =	 {Kanban : successful evolutionary change in your technology
                  business},
  year =	 2010,
  publisher =	 {Blue Hole Press},
  address =	 {Sequim, Washington},
  isbn =	 9780984521401,
}

@inproceedings{sutherland95_busin,
  author =	 {Sutherland, Jeffrey},
  title =	 {Business Object Design and Implementation},
  booktitle =	 {OOPSLA'95 Workshop Proceedings},
  year =	 1995,
  address =	 {Austin, Texas},
}

@phdthesis{opdyke92_refac_objec_orien_framew,
  address =	 {USA},
  author =	 {Opdyke, William F.},
  publisher =	 {University of Illinois at Urbana-Champaign},
  title =	 {Refactoring Object-Oriented Frameworks},
  year =	 {1992},
}

@Book{fowler99_refac,
  author =	 {Fowler, Martin},
  title =	 {Refactoring: Improving the Design of Existing Code},
  year =	 1999,
  publisher =	 {Addison-Wesley},
  address =	 {Reading, MA},
  isbn =	 0201485672,
}